@article{HeimbachHeimbach+1970+377+380,
url = {https://doi.org/10.1515/mt-1970-121103},
title = {Zum Einfluß der Belastungsfrequenz auf die Zeit- und Dauerfestigkeit von Stahl/ Influence of loading frequency on the fatigue strength of steel for finite and infinite life/ L’influence de la fréquence des contraintes sur la résistance à la fatigue de P’acier pour une durée de vie finie et infinie},
title = {},
author = {Hans Heimbach and Hans Heimbach},
pages = {377--380},
volume = {12},
number = {11},
journal = {Materials Testing},
doi = {doi:10.1515/mt-1970-121103},
year = {1970},
lastchecked = {2025-01-26}
}
